@article{cattell2011scalable,
	title={Scalable SQL and NoSQL data stores},
	author={Cattell, Rick},
	journal={Acm Sigmod Record},
	volume={39},
	number={4},
	pages={12--27},
	year={2011},
	publisher={ACM}
}

@article{mohan1992aries,
	title={ARIES: a transaction recovery method supporting fine-granularity locking and partial rollbacks using write-ahead logging},
	author={Mohan, C and Haderle, Don and Lindsay, Bruce and Pirahesh, Hamid and Schwarz, Peter},
	journal={ACM Transactions on Database Systems (TODS)},
	volume={17},
	number={1},
	pages={94--162},
	year={1992},
	publisher={ACM}
}


@article{kim1991asynchronous,
	title={Asynchronous disk interleaving: Approximating access delays},
	author={Kim, Michelle Y. and Tantawi, Asser N.},
	journal={IEEE Transactions on Computers},
	volume={40},
	number={7},
	pages={801--810},
	year={1991},
	publisher={IEEE}
}

@article{kim1986synchronized0,
	title={Synchronized disk interleaving},
	author={Kim, Michelle Y.},
	journal={IEEE Transactions on computers},
	volume={100},
	number={11},
	pages={978--988},
	year={1986},
	publisher={IEEE}
}


@article{moon2005error,
	title={Error correction coding},
	author={Moon, Todd K},
	journal={Mathematical Methods and Algorithms. Jhon Wiley and Son},
	year={2005}
}


@inbook{b1x,
	
	author={McEliece,Robert J. and Soedarmadji,Edwin},
	
	year={2006},
	
	title={On Generalized Parity Checks},
	
	publisher={Springer Berlin Heidelberg},
	
	address={Berlin, Heidelberg},
	
	volume={3857},
	
	pages={29-34},
	
	abstract={An ordinary parity-check is an extra bit p appended to a block (x1.., xk) of k information bits such that the resulting codeword (x1.., xk,p) is capable of detecting one error. The choices for p are In this paper we consider defining a parity-check if the underlying alphabet is nonbinary. The obvious definition is of course We shall show that this obvious choice is the only choice for q=2, and up to a natural equivalence the only choice for q=3. For q ≥ 4, however, the situation is much more complicated.},
	
	keywords={Coding and Information Theory; Symbolic and Algebraic Manipulation; Computer Science; Algorithms; Algorithm Analysis and Problem Complexity; Data Encryption; Discrete Mathematics in Computer Science},
	
	isbn={3540314237;9783540314233;},
	
	language={English},
	
}


@article{slayman2005cache,
	title={Cache and memory error detection, correction, and reduction techniques for terrestrial servers and workstations},
	author={Slayman, Charles W},
	journal={IEEE Transactions on Device and Materials Reliability},
	volume={5},
	number={3},
	pages={397--404},
	year={2005},
	publisher={IEEE}
}


@inproceedings{burnett1970study,
	title={A study of interleaved memory systems},
	author={Burnett, GJ and Coffman Jr, Edward G},
	booktitle={Proceedings of the May 5-7, 1970, spring joint computer conference},
	pages={467--474},
	year={1970},
	organization={ACM}
}

@article{o1996log,
	title={The log-structured merge-tree (LSM-tree)},
	author={O’Neil, Patrick and Cheng, Edward and Gawlick, Dieter and O’Neil, Elizabeth},
	journal={Acta Informatica},
	volume={33},
	number={4},
	pages={351--385},
	year={1996},
	publisher={Springer}
}


@inproceedings{kreps2011kafka,
	title={Kafka: A distributed messaging system for log processing},
	author={Kreps, Jay and Narkhede, Neha and Rao, Jun and others},
	booktitle={Proceedings of the NetDB},
	pages={1--7},
	year={2011}
}


@article{muth2000lham,
	title={The LHAM log-structured history data access method},
	author={Muth, Peter and O'Neil, Patrick and Pick, Achim and Weikum, Gerhard},
	journal={The VLDB Journal},
	volume={8},
	number={3-4},
	pages={199--221},
	year={2000},
	publisher={Springer}
}


@article{reuter1980fast,
	title={A Fast Transaction-Oriented Logging Scheme for Undo Ro overy},
	author={Reuter, Andreas},
	journal={IEEE Transactions on Software Engineering},
	number={4},
	pages={348--356},
	year={1980},
	publisher={IEEE}
}

@inproceedings{swinehart1979wfs,
	title={WFS a simple shared file system for a distributed environment},
	author={Swinehart, Daniel and McDaniel, Gene and Boggs, David},
	booktitle={Proceedings of the seventh ACM symposium on Operating systems principles},
	pages={9--17},
	year={1979},
	organization={ACM}
}


@article{rosenblum1992design,
	title={The design and implementation of a log-structured file system},
	author={Rosenblum, Mendel and Ousterhout, John K},
	journal={ACM Transactions on Computer Systems (TOCS)},
	volume={10},
	number={1},
	pages={26--52},
	year={1992},
	publisher={ACM}
}

@article{shiang2008queuing,
	title={Queuing-based dynamic channel selection for heterogeneous multimedia applications over cognitive radio networks},
	author={Shiang, Hsien-Po and van der Schaar, Mihaela},
	journal={IEEE Transactions on Multimedia},
	volume={10},
	number={5},
	pages={896--909},
	year={2008},
	publisher={IEEE}
}

@misc{arroyo2006method,
	title={Method and apparatus for ensuring data consistency amongst a plurality of disparate systems having multiple consumer channels},
	author={Arroyo, Jorge A and McDaid, Paul and Shorter, David U and Yeskel, Filip J},
	year={2006},
	month=nov # "~28",
	publisher={Google Patents},
	note={US Patent 7,143,094}
}

@misc{amit2007guaranteed,
	title={Guaranteed exactly once delivery of messages},
	author={Amit, Neta and Frank, Alexander and Peled, Yifat},
	year={2007},
	month=jan # "~9",
	publisher={Google Patents},
	note={US Patent 7,162,512}
}

@inproceedings{toshniwal2014storm,
	title={Storm@ twitter},
	author={Toshniwal, Ankit and Taneja, Siddarth and Shukla, Amit and Ramasamy, Karthik and Patel, Jignesh M and Kulkarni, Sanjeev and Jackson, Jason and Gade, Krishna and Fu, Maosong and Donham, Jake and others},
	booktitle={Proceedings of the 2014 ACM SIGMOD international conference on Management of data},
	pages={147--156},
	year={2014},
	organization={ACM}
}

@inproceedings{mckenzie1994cranium,
	title={Cranium: An interface for message passing on adaptive packet routing networks},
	author={McKenzie, Neil R and Bolding, Kevin and Ebeling, Carl and Snyder, Lawrence},
	booktitle={International Workshop on Parallel Computer Routing and Communication},
	pages={266--280},
	year={1994},
	organization={Springer}
}


@article{costa2013internet,
	title={Internet-scale support for map-reduce processing},
	author={Costa, Fernando and Veiga, Lu{\'\i}s and Ferreira, Paulo},
	journal={Journal of Internet Services and Applications},
	volume={4},
	number={1},
	pages={1},
	year={2013},
	publisher={Springer London}
}


@article{gorton2003copyright,
	title={Copyright warning},
	author={Gorton, I and Liu, A},
	journal={Computing},
	volume={7},
	number={3},
	pages={18--23},
	year={2003}
}


@article{kermarrec2007gossiping,
	title={Gossiping in distributed systems},
	author={Kermarrec, Anne-Marie and Van Steen, Maarten},
	journal={ACM SIGOPS Operating Systems Review},
	volume={41},
	number={5},
	pages={2--7},
	year={2007},
	publisher={ACM}
}


@techreport{berners1996hypertext,
	title={Hypertext transfer protocol--HTTP/1.0},
	author={Berners-Lee, Tim and Fielding, Roy and Frystyk, Henrik},
	year={1996}
}


@techreport{peleg2000distributed,
	title={Distributed Computing: A Locality-Sensitive Approach, SIAM},
	author={Peleg, David},
	year={2000},
	institution={ISBN 0-89871-464-8}
}


@misc{sukumar2007distributed,
	title={Distributed Systems--An Algorithmic Approach},
	author={Sukumar, Ghosh},
	year={2007},
	publisher={Chapman \& Hall/CRC}
}

@book{coulouris2005distributed,
	title={Distributed systems: concepts and design},
	author={Coulouris, George F and Dollimore, Jean and Kindberg, Tim},
	year={2005},
	publisher={pearson education}
}

@article{kermarrec2013xl,
	title={XL peer-to-peer pub/sub systems},
	author={Kermarrec, Anne-Marie and Triantafillou, Peter},
	journal={ACM Computing Surveys (CSUR)},
	volume={46},
	number={2},
	pages={16},
	year={2013},
	publisher={ACM}
}


@inproceedings{albrecht2013making,
	title={Making work queue cluster-friendly for data intensive scientific applications},
	author={Albrecht, Michael and Rajan, Dinesh and Thain, Douglas},
	booktitle={2013 IEEE International Conference on Cluster Computing (CLUSTER)},
	pages={1--8},
	year={2013},
	organization={IEEE}
}


@article{lohr2012age,
	title={The age of big data},
	author={Lohr, Steve},
	journal={New York Times},
	volume={11},
	year={2012}
}

@article{10333611920150101,
	Abstract = {The article focuses on the use of big data in various fields such as astronomy, oceanography and social science. It discusses various applications of big data including discovery of Higgs boson, tracking student achievement in online courses, and engaging students in the higher-order thinking involved in analyzing and interpreting large science datasets.},
	Author = {Metz, Steve},
	ISSN = {00368555},
	Journal = {Science Teacher},
	Keywords = {ACADEMIC achievement, ONLINE courses, STUDENT engagement, BIG data, HIGGS bosons},
	Number = {5},
	Pages = {6},
	Title = {Big Data.},
	Volume = {82},
	Year = {2015},
}

@article{lu2011join,
	title={Join-Idle-Queue: A novel load balancing algorithm for dynamically scalable web services},
	author={Lu, Yi and Xie, Qiaomin and Kliot, Gabriel and Geller, Alan and Larus, James R and Greenberg, Albert},
	journal={Performance Evaluation},
	volume={68},
	number={11},
	pages={1056--1071},
	year={2011},
	publisher={Elsevier}
}


@article{lamport1978time,
	title={Time, clocks, and the ordering of events in a distributed system},
	author={Lamport, Leslie},
	journal={Communications of the ACM},
	volume={21},
	number={7},
	pages={558--565},
	year={1978},
	publisher={ACM}
}

@article{maclaren1969art,
	title={The Art of Computer Programming-Volume 1: Fundamental Algorithms (Donald E. Knuth)},
	author={MacLaren, M Donald},
	journal={SIAM Review},
	volume={11},
	number={1},
	pages={89--91},
	year={1969},
	publisher={SIAM}
}
@inproceedings{spieser2008stabilizing,
	title={Stabilizing the psychological dynamics of people in a queue},
	author={Spieser, Kevin and Davison, DE},
	booktitle={2008 American Control Conference},
	pages={4173--4178},
	year={2008},
	organization={IEEE}
}

