@article{kermarrec2013xl,
	title={XL peer-to-peer pub/sub systems},
	author={Kermarrec, Anne-Marie and Triantafillou, Peter},
	journal={ACM Computing Surveys (CSUR)},
	volume={46},
	number={2},
	pages={16},
	year={2013},
	publisher={ACM}
}


@inproceedings{albrecht2013making,
	title={Making work queue cluster-friendly for data intensive scientific applications},
	author={Albrecht, Michael and Rajan, Dinesh and Thain, Douglas},
	booktitle={2013 IEEE International Conference on Cluster Computing (CLUSTER)},
	pages={1--8},
	year={2013},
	organization={IEEE}
}


@article{lohr2012age,
	title={The age of big data},
	author={Lohr, Steve},
	journal={New York Times},
	volume={11},
	year={2012}
}

@article{10333611920150101,
	Abstract = {The article focuses on the use of big data in various fields such as astronomy, oceanography and social science. It discusses various applications of big data including discovery of Higgs boson, tracking student achievement in online courses, and engaging students in the higher-order thinking involved in analyzing and interpreting large science datasets.},
	Author = {Metz, Steve},
	ISSN = {00368555},
	Journal = {Science Teacher},
	Keywords = {ACADEMIC achievement, ONLINE courses, STUDENT engagement, BIG data, HIGGS bosons},
	Number = {5},
	Pages = {6},
	Title = {Big Data.},
	Volume = {82},
	Year = {2015},
}

@article{lu2011join,
	title={Join-Idle-Queue: A novel load balancing algorithm for dynamically scalable web services},
	author={Lu, Yi and Xie, Qiaomin and Kliot, Gabriel and Geller, Alan and Larus, James R and Greenberg, Albert},
	journal={Performance Evaluation},
	volume={68},
	number={11},
	pages={1056--1071},
	year={2011},
	publisher={Elsevier}
}


@article{lamport1978time,
	title={Time, clocks, and the ordering of events in a distributed system},
	author={Lamport, Leslie},
	journal={Communications of the ACM},
	volume={21},
	number={7},
	pages={558--565},
	year={1978},
	publisher={ACM}
}

@article{maclaren1969art,
	title={The Art of Computer Programming-Volume 1: Fundamental Algorithms (Donald E. Knuth)},
	author={MacLaren, M Donald},
	journal={SIAM Review},
	volume={11},
	number={1},
	pages={89--91},
	year={1969},
	publisher={SIAM}
}
@inproceedings{spieser2008stabilizing,
	title={Stabilizing the psychological dynamics of people in a queue},
	author={Spieser, Kevin and Davison, DE},
	booktitle={2008 American Control Conference},
	pages={4173--4178},
	year={2008},
	organization={IEEE}
}

